<?xml version="1.0" encoding="UTF-8"?><collection xmlns="http://www.loc.gov/MARC21/slim"><record><leader>00829nam--2200217-u-4500</leader><controlfield tag="001">000050308</controlfield><controlfield tag="002">20161230</controlfield><controlfield tag="005">20161230201048</controlfield><controlfield tag="008">060524s1000------------r-----000-0-eng-d</controlfield><datafield ind1=" " ind2=" " tag="020"><subfield code="a">9812381694</subfield></datafield><datafield ind1=" " ind2=" " tag="040"><subfield code="a">IFIN-HH</subfield></datafield><datafield ind1=" " ind2=" " tag="080"><subfield code="a">538.91/538.97:001.2(063)</subfield></datafield><datafield ind1="1" ind2=" " tag="100"><subfield code="a">Takayanagi, Hideaki</subfield></datafield><datafield ind1="1" ind2="0" tag="245"><subfield code="a">Towards the Controllable Quantum States; Mesoscopic Superconductivity and Spintronics</subfield><subfield code="b">Proceedings of the International Symposium on Mesoscopic Superconductivity and Spintronics (MS+S2002): Atsugi, Kanagawa, Japan, 4-6 March 2002</subfield><subfield code="c">Hideaki Takayanagi; Junsaku Nitta (Eds.)</subfield></datafield><datafield ind1=" " ind2=" " tag="260"><subfield code="a">River Edge N.J</subfield><subfield code="b">World Scientific</subfield><subfield code="c">2003</subfield></datafield><datafield ind1=" " ind2=" " tag="300"><subfield code="a">526 p</subfield></datafield><datafield ind1=" " ind2=" " tag="504"><subfield code="a">Contine Referinte bibliografice si Index</subfield></datafield><datafield ind1=" " ind2="0" tag="650"><subfield code="a">Spintronics</subfield></datafield><datafield ind1="1" ind2=" " tag="700"><subfield code="a">Nitta, Junsaku</subfield><subfield code="e">Ed</subfield></datafield><datafield ind1=" " ind2=" " tag="852"><subfield code="a">81763</subfield><subfield code="c">538.9</subfield></datafield><datafield ind1=" " ind2=" " tag="CAT"><subfield code="a">Sys</subfield><subfield code="c">20110104</subfield><subfield code="h">115842</subfield></datafield></record></collection>